<record><leader>00000cas a22000007a 4500</leader><controlfield tag="001">21096458</controlfield><controlfield tag="008">900220d19541957pauwr ne      0    0eng d</controlfield><datafield ind1=" " ind2=" " tag="010"><subfield code="a">sn 90069120 </subfield></datafield><datafield ind1=" " ind2=" " tag="040"><subfield code="a">NPH</subfield><subfield code="b">eng</subfield><subfield code="c">NPH</subfield><subfield code="d">OCLCQ</subfield></datafield><datafield ind1=" " ind2=" " tag="042"><subfield code="a">msc</subfield></datafield><datafield ind1="0" ind2=" " tag="130"><subfield code="a">Duncannon record Marysville journal (Duncannon, Pa. : 1954)</subfield></datafield><datafield ind1="1" ind2="0" tag="245"><subfield code="a">Duncannon record Marysville journal.</subfield></datafield><datafield ind1=" " ind2=" " tag="260"><subfield code="a">Duncannon, Pa. :</subfield><subfield code="b">Richard A. Swank,</subfield><subfield code="c">1954-1957.</subfield></datafield><datafield ind1=" " ind2=" " tag="300"><subfield code="a">v. :</subfield><subfield code="b">ill. ;</subfield><subfield code="c">55 cm.</subfield></datafield><datafield ind1=" " ind2=" " tag="310"><subfield code="a">Weekly</subfield></datafield><datafield ind1="0" ind2=" " tag="362"><subfield code="a">Vol. 82, no. 14 (Sept. 9, 1954)-v. 84, no. 35 (Feb. 1, 1957).</subfield></datafield><datafield ind1=" " ind2=" " tag="752"><subfield code="a">United States</subfield><subfield code="b">Pennsylvania</subfield><subfield code="c">Perry</subfield><subfield code="d">Duncannon.</subfield></datafield><datafield ind1="0" ind2="0" tag="780"><subfield code="t">Duncannon record (Duncannon, Pa. : 1947)</subfield><subfield code="w">(DLC)sn 90069119</subfield></datafield><datafield ind1="0" ind2="0" tag="785"><subfield code="t">Duncannon record (Duncannon, Pa. : 1957)</subfield><subfield code="w">(DLC)sn 90069121</subfield></datafield></record>